@inproceedings{VQ_VAE,
 author = {van den Oord, Aaron and Vinyals, Oriol and Kavukcuoglu, Koray},
 booktitle = {Advances in Neural Information Processing Systems},
 pages = {},
 publisher = {Curran Associates, Inc.},
 title = {Neural Discrete Representation Learning,
 volume = {30},
 year = {2017}
}

@inproceedings{VQ_VAE2,
 author = {Razavi, Ali and van den Oord, Aaron and Vinyals, Oriol},
 booktitle = {Advances in Neural Information Processing Systems},
 pages = {},
 publisher = {Curran Associates, Inc.},
 title = {Generating Diverse High-Fidelity Images with VQ-VAE-2},
 volume = {32},
 year = {2019}
}

@misc{VAE,
      title= {Auto-Encoding Variational Bayes}, 
      author={Diederik P Kingma and Max Welling},
      year={2014},
      eprint={1312.6114},
      archivePrefix={arXiv},
      primaryClass={stat.ML}
}

@manual{altosaar_blog,
  title        = {Tutorial - What is a Variational Autoencoder?},
  author       = {Altosaar, Jaan},
  month        = aug,
  year         = 2016,
  doi          = {10.5281/zenodo.4462916},
  url          = {https://doi.org/10.5281/zenodo.4462916}
}

@article{DALLE,
  author    = {Aditya Ramesh and
               Mikhail Pavlov and
               Gabriel Goh and
               Scott Gray and
               Chelsea Voss and
               Alec Radford and
               Mark Chen and
               Ilya Sutskever},
  title     = {Zero-Shot Text-to-Image Generation},
  journal   = {CoRR},
  volume    = {abs/2102.12092},
  year      = {2021},
  url       = {https://arxiv.org/abs/2102.12092},
  eprinttype = {arXiv},
  eprint    = {2102.12092},
  timestamp = {Tue, 02 Mar 2021 12:11:01 +0100},
  biburl    = {https://dblp.org/rec/journals/corr/abs-2102-12092.bib},
  bibsource = {dblp computer science bibliography, https://dblp.org}
}

@inproceedings{kaokore,
    title      = "{KaoKore: A Pre-modern Japanese Art Facial Expression Dataset}",
    author     = {Yingtao Tian and Chikahiko Suzuki and Tarin Clanuwat and Mikel Bober-Irizar and Alex Lamb and Asanobu Kitamoto},
    booktitle  = "Proceedings of the International Conference on Computational Creativity",
    year       = "2020",
    pages      = "415--422"
} 

